<?xml version="1.0" encoding="UTF-8"?><collection xmlns="http://www.loc.gov/MARC21/slim"><record><leader>00349nam--2200133-i-4500</leader><controlfield tag="001">000026828</controlfield><controlfield tag="002">20161230</controlfield><controlfield tag="005">20161230201036</controlfield><controlfield tag="008">060222s1000------------r-----000-0-eng-d</controlfield><datafield ind1=" " ind2=" " tag="245"><subfield code="a">Progress iin stereochemistry</subfield></datafield><datafield ind1=" " ind2=" " tag="260"><subfield code="a">London, Butterworth, 1958, Vii + 323p</subfield></datafield><datafield ind1=" " ind2=" " tag="490"><subfield code="a">Progress Series</subfield></datafield><datafield ind1=" " ind2=" " tag="700"><subfield code="a">Klyne, W.And Mare, P.B.D.De La</subfield></datafield><datafield ind1=" " ind2=" " tag="852"><subfield code="a">10310</subfield></datafield></record></collection>